<record><leader>00000cas a2200000 a 4500</leader><controlfield tag="001">15029337</controlfield><controlfield tag="008">870102d18591860iluwr ne      0   a0eng c</controlfield><datafield ind1=" " ind2=" " tag="010"><subfield code="a">sn 87082003 </subfield></datafield><datafield ind1=" " ind2=" " tag="040"><subfield code="a">NPV</subfield><subfield code="b">eng</subfield><subfield code="c">NPV</subfield><subfield code="d">OCL</subfield><subfield code="d">MQN</subfield><subfield code="d">NVF</subfield><subfield code="d">OCL</subfield><subfield code="d">NVF</subfield><subfield code="d">OCLCQ</subfield><subfield code="d">OCLCF</subfield><subfield code="d">OCLCO</subfield><subfield code="d">NVF</subfield></datafield><datafield ind1=" " ind2=" " tag="042"><subfield code="a">pcc</subfield></datafield><datafield ind1=" " ind2=" " tag="043"><subfield code="a">n-us-il</subfield></datafield><datafield ind1="0" ind2=" " tag="130"><subfield code="a">Press and tribune (Chicago, Ill. : Weekly)</subfield></datafield><datafield ind1="1" ind2="4" tag="245"><subfield code="a">The press and tribune.</subfield></datafield><datafield ind1="1" ind2="3" tag="246"><subfield code="a">Press tribune</subfield></datafield><datafield ind1=" " ind2=" " tag="260"><subfield code="a">Chicago, Ill. :</subfield><subfield code="b">J.L. Scripps, C.H. Ray, Wm. Bross and Joseph Medill,</subfield><subfield code="c">1859-1860.</subfield></datafield><datafield ind1=" " ind2=" " tag="300"><subfield code="a">v.</subfield></datafield><datafield ind1=" " ind2=" " tag="310"><subfield code="a">Weekly</subfield></datafield><datafield ind1="0" ind2=" " tag="362"><subfield code="a">Vol. 13, no. 4 (Mar. 24, 1859)-v. 14, no. 33 (Oct. 25, 1860).</subfield></datafield><datafield ind1=" " ind2="0" tag="651"><subfield code="a">Chicago (Ill.)</subfield><subfield code="v">Newspapers.</subfield></datafield><datafield ind1=" " ind2="7" tag="651"><subfield code="a">Illinois</subfield><subfield code="z">Chicago.</subfield><subfield code="2">fast</subfield><subfield code="0">(OCoLC)fst01204048</subfield></datafield><datafield ind1=" " ind2="7" tag="655"><subfield code="a">Newspapers.</subfield><subfield code="2">fast</subfield><subfield code="0">(OCoLC)fst01423814</subfield></datafield><datafield ind1=" " ind2=" " tag="752"><subfield code="a">United States</subfield><subfield code="b">Illinois</subfield><subfield code="c">Cook County</subfield><subfield code="d">Chicago.</subfield></datafield><datafield ind1="0" ind2=" " tag="775"><subfield code="t">Press and tribune (Chicago, Ill. : Daily)</subfield><subfield code="w">(DLC)sn 82014511</subfield><subfield code="w">(OCoLC)8782695</subfield></datafield><datafield ind1="0" ind2=" " tag="775"><subfield code="t">Press and tribune (Chicago, Ill. : Triweekly)</subfield><subfield code="w">(DLC)sn 87090525</subfield><subfield code="w">(OCoLC)16003441</subfield></datafield><datafield ind1="0" ind2="0" tag="780"><subfield code="t">Weekly Chicago press and tribune</subfield><subfield code="w">(DLC)sn 87090501</subfield><subfield code="w">(OCoLC)16016581</subfield></datafield><datafield ind1="0" ind2="0" tag="785"><subfield code="t">Chicago weekly tribune (Chicago, Ill. : 1860)</subfield><subfield code="w">(DLC)sn 85033659</subfield><subfield code="w">(OCoLC)12153068</subfield></datafield><datafield ind1="1" ind2=" " tag="029"><subfield code="a">AU@</subfield><subfield code="b">000020236895</subfield></datafield></record>